@article{aifer2023thermodynamic,
  title={Thermodynamic Linear Algebra},
  author={Aifer, Maxwell and Donatella, Kaelan and Gordon, Max Hunter and Ahle, Thomas and Simpson, Daniel and Crooks, Gavin E and Coles, Patrick J},
  journal={arXiv preprint arXiv:2308.05660},
  year={2023}
}
@article{rudelson2013hanson,
  title={Hanson-wright inequality and sub-gaussian concentration},
  author={Rudelson, Mark and Vershynin, Roman},
  year={2013}
}
