@article{andoni2018holder,
  title={H{\"o}lder Homeomorphisms and Approximate Nearest Neighbors},
  author={Andoni, Alexandr and Naor, Assaf and Nikolov, Aleksandar and Razenshteyn, Ilya and Waingarten, Erik},
  journal={Forthcoming manuscript},
  year={2018}
}
@inproceedings{indyk2007uncertainty,
  title={Uncertainty principles, extractors, and explicit embeddings of l2 into l1},
  author={Indyk, Piotr},
  booktitle={Proceedings of the thirty-ninth annual ACM symposium on Theory of computing},
  pages={615--620},
  year={2007},
  organization={ACM}
}
@article{DBLP:journals/corr/AbboudR17,
  author    = {Amir Abboud and
               Aviad Rubinstein},
  title     = {Distributed {PCP} Theorems for Hardness of Approximation in {P}},
  journal   = {CoRR},
  volume    = {abs/1706.06407},
  year      = {2017},
  url       = {http://arxiv.org/abs/1706.06407},
  archivePrefix = {arXiv},
  eprint    = {1706.06407},
  timestamp = {Mon, 13 Aug 2018 16:47:48 +0200},
  biburl    = {https://dblp.org/rec/bib/journals/corr/AbboudR17},
  bibsource = {dblp computer science bibliography, https://dblp.org}
}
@inproceedings{ahle2016complexity,
  title={On the complexity of inner product similarity join},
  author={Ahle, Thomas Dybdahl and Pagh, Rasmus and Razenshteyn, Ilya and Silvestri, Francesco},
  booktitle={Proceedings of the 35th ACM SIGMOD-SIGACT-SIGAI Symposium on Principles of Database Systems},
  pages={151--164},
  year={2016},
  organization={ACM}
}
@article{DBLP:journals/corr/AndoniR15,
  author    = {Alexandr Andoni and
               Ilya P. Razenshteyn},
  title     = {Optimal Data-Dependent Hashing for Approximate Near Neighbors},
  journal   = {CoRR},
  volume    = {abs/1501.01062},
  year      = {2015},
  url       = {http://arxiv.org/abs/1501.01062},
  archivePrefix = {arXiv},
  eprint    = {1501.01062},
  timestamp = {Mon, 13 Aug 2018 16:46:11 +0200},
  biburl    = {https://dblp.org/rec/bib/journals/corr/AndoniR15},
  bibsource = {dblp computer science bibliography, https://dblp.org}
}
@inproceedings{DBLP:conf/stoc/AndoniNNRW18,
  author    = {Alexandr Andoni and
               Assaf Naor and
               Aleksandar Nikolov and
               Ilya P. Razenshteyn and
               Erik Waingarten},
  title     = {Data-dependent hashing via nonlinear spectral gaps},
  booktitle = {Proceedings of the 50th Annual {ACM} {SIGACT} Symposium on Theory
               of Computing, {STOC} 2018, Los Angeles, CA, USA, June 25-29, 2018},
  pages     = {787--800},
  year      = {2018},
  crossref  = {DBLP:conf/stoc/2018},
  url       = {https://doi.org/10.1145/3188745.3188846},
  doi       = {10.1145/3188745.3188846},
  timestamp = {Wed, 21 Nov 2018 12:44:02 +0100},
  biburl    = {https://dblp.org/rec/bib/conf/stoc/AndoniNNRW18},
  bibsource = {dblp computer science bibliography, https://dblp.org}
}
@article{DBLP:journals/siamcomp/AndoniKR18,
  author    = {Alexandr Andoni and
               Robert Krauthgamer and
               Ilya P. Razenshteyn},
  title     = {Sketching and Embedding are Equivalent for Norms},
  journal   = {{SIAM} J. Comput.},
  volume    = {47},
  number    = {3},
  pages     = {890--916},
  year      = {2018},
  url       = {https://doi.org/10.1137/15M1017958},
  doi       = {10.1137/15M1017958},
  timestamp = {Mon, 23 Jul 2018 16:59:28 +0200},
  biburl    = {https://dblp.org/rec/bib/journals/siamcomp/AndoniKR18},
  bibsource = {dblp computer science bibliography, https://dblp.org}
}
@inproceedings{ahle2017optimal,
  title={Optimal las vegas locality sensitive data structures},
  author={Ahle, Thomas Dybdahl},
  booktitle={Foundations of Computer Science (FOCS), 2017 IEEE 58th Annual Symposium on},
  pages={938--949},
  year={2017},
  organization={IEEE}
}
@inproceedings{becker2016new,
  title={New directions in nearest neighbor searching with applications to lattice sieving},
  author={Becker, Anja and Ducas, L{\'e}o and Gama, Nicolas and Laarhoven, Thijs},
  booktitle={Proceedings of the twenty-seventh annual ACM-SIAM symposium on Discrete algorithms},
  pages={10--24},
  year={2016},
  organization={Society for Industrial and Applied Mathematics}
}
@inproceedings{DBLP:conf/compgeom/Chan17a,
  author    = {Timothy M. Chan},
  title     = {Orthogonal Range Searching in Moderate Dimensions: k-d Trees and Range
               Trees Strike Back},
  booktitle = {33rd International Symposium on Computational Geometry, SoCG 2017,
               July 4-7, 2017, Brisbane, Australia},
  pages     = {27:1--27:15},
  year      = {2017},
  crossref  = {DBLP:conf/compgeom/2017},
  url       = {https://doi.org/10.4230/LIPIcs.SoCG.2017.27},
  doi       = {10.4230/LIPIcs.SoCG.2017.27},
  timestamp = {Thu, 23 Aug 2018 15:56:19 +0200},
  biburl    = {https://dblp.org/rec/bib/conf/compgeom/Chan17a},
  bibsource = {dblp computer science bibliography, https://dblp.org}
}
@inproceedings{pagh2016locality,
  title={Locality-sensitive hashing without false negatives},
  author={Pagh, Rasmus},
  booktitle={Proceedings of the twenty-seventh annual ACM-SIAM symposium on Discrete algorithms},
  pages={1--9},
  year={2016},
  organization={SIAM}
}
@inproceedings{ahle2017parameter,
  title={Parameter-free locality sensitive hashing for spherical range reporting},
  author={Ahle, Thomas D and Aum{\"u}ller, Martin and Pagh, Rasmus},
  booktitle={Proceedings of the Twenty-Eighth Annual ACM-SIAM Symposium on Discrete Algorithms},
  pages={239--256},
  year={2017},
  organization={SIAM}
}
@article{indyk2000dimensionality,
  title={Dimensionality reduction techniques for proximity problems},
  author={Indyk, Piotr},
  year={2000},
  publisher={Citeseer}
}
@inproceedings{christiani2017framework,
  title={A framework for similarity search with space-time tradeoffs using locality-sensitive filtering},
  author={Christiani, Tobias},
  booktitle={Proceedings of the Twenty-Eighth Annual ACM-SIAM Symposium on Discrete Algorithms},
  pages={31--46},
  year={2017},
  organization={Society for Industrial and Applied Mathematics}
}
@inproceedings{broder1997resemblance,
  title={On the resemblance and containment of documents},
  author={Broder, Andrei Z},
  booktitle={Compression and complexity of sequences 1997. proceedings},
  pages={21--29},
  year={1997},
  organization={IEEE}
}
@article{bora2017compressed,
  title={Compressed sensing using generative models},
  author={Bora, Ashish and Jalal, Ajil and Price, Eric and Dimakis, Alexandros G},
  journal={arXiv preprint arXiv:1703.03208},
  year={2017}
}
@article{andoni2018approximate,
  title={Approximate nearest neighbor search in high dimensions},
  author={Andoni, Alexandr and Indyk, Piotr and Razenshteyn, Ilya},
  journal={arXiv preprint arXiv:1806.09823},
  year={2018}
}
@article{wei2018optimal,
  title={Optimal Las Vegas Approximate Near Neighbors in $\ell_p$},
  author={Wei, Alexander},
  journal={arXiv preprint arXiv:1807.07527},
  year={2018}
}
@inproceedings{larsen2018crossing,
  title={Crossing the logarithmic barrier for dynamic Boolean data structure lower bounds},
  author={Larsen, Kasper Green and Weinstein, Omri and Yu, Huacheng},
  booktitle={Proceedings of the 50th Annual ACM SIGACT Symposium on Theory of Computing},
  pages={978--989},
  year={2018},
  organization={ACM}
}
@inproceedings{rubinstein2018hardness,
  title={Hardness of approximate nearest neighbor search},
  author={Rubinstein, Aviad},
  booktitle={Proceedings of the 50th Annual ACM SIGACT Symposium on Theory of Computing},
  pages={1260--1268},
  year={2018},
  organization={ACM}
}
@article{DBLP:journals/corr/AlmanCW16,
  author    = {Josh Alman and
               Timothy M. Chan and
               Ryan Williams},
  title     = {Polynomial Representations of Threshold Functions and Algorithmic
               Applications},
  journal   = {CoRR},
  volume    = {abs/1608.04355},
  year      = {2016},
  url       = {http://arxiv.org/abs/1608.04355},
  archivePrefix = {arXiv},
  eprint    = {1608.04355},
  timestamp = {Mon, 13 Aug 2018 16:46:14 +0200},
  biburl    = {https://dblp.org/rec/bib/journals/corr/AlmanCW16},
  bibsource = {dblp computer science bibliography, https://dblp.org}
}
@inproceedings{indyk1998approximate,
  title={Approximate nearest neighbors: towards removing the curse of dimensionality},
  author={Indyk, Piotr and Motwani, Rajeev},
  booktitle={Proceedings of the thirtieth annual ACM symposium on Theory of computing},
  pages={604--613},
  year={1998},
  organization={ACM}
}
